[gd_scene load_steps=10 format=2]

[ext_resource path="res://checks.gd" type="Script" id=1]
[ext_resource path="res://check.tscn" type="PackedScene" id=2]
[ext_resource path="res://images/check-disabled.png" type="Texture" id=3]
[ext_resource path="res://images/check.png" type="Texture" id=4]
[ext_resource path="res://images/check-pushed.png" type="Texture" id=5]
[ext_resource path="res://images/regions-annotation.png" type="Texture" id=6]
[ext_resource path="res://images/color-parens.png" type="Texture" id=7]
[ext_resource path="res://borderedcell.tscn" type="PackedScene" id=8]
[ext_resource path="res://images/connected-annotation.png" type="Texture" id=9]

[node name="Checks" type="MarginContainer"]
margin_right = 89.0
margin_bottom = 143.0
script = ExtResource( 1 )
__meta__ = {
"_edit_use_anchors_": false
}

[node name="ColorRect" type="ColorRect" parent="."]
margin_right = 89.0
margin_bottom = 143.0
color = Color( 0.0823529, 0.0705882, 0.266667, 1 )

[node name="MarginContainer" type="MarginContainer" parent="."]
margin_right = 89.0
margin_bottom = 143.0
custom_constants/margin_right = 1
custom_constants/margin_top = 1
custom_constants/margin_left = 1
custom_constants/margin_bottom = 1

[node name="ColorRect" type="ColorRect" parent="MarginContainer"]
margin_left = 1.0
margin_top = 1.0
margin_right = 88.0
margin_bottom = 142.0
color = Color( 0.572549, 0.164706, 0.584314, 1 )

[node name="MarginContainer" type="MarginContainer" parent="MarginContainer"]
margin_left = 1.0
margin_top = 1.0
margin_right = 88.0
margin_bottom = 142.0
custom_constants/margin_right = 2
custom_constants/margin_top = 2
custom_constants/margin_left = 2
custom_constants/margin_bottom = 2

[node name="VBoxContainer" type="VBoxContainer" parent="MarginContainer/MarginContainer"]
margin_left = 2.0
margin_top = 2.0
margin_right = 85.0
margin_bottom = 139.0

[node name="Regions" parent="MarginContainer/MarginContainer/VBoxContainer" instance=ExtResource( 2 )]
margin_left = 23.0
margin_right = 60.0
margin_bottom = 20.0
size_flags_horizontal = 4

[node name="Rectangles" parent="MarginContainer/MarginContainer/VBoxContainer" instance=ExtResource( 2 )]
margin_left = 23.0
margin_top = 24.0
margin_right = 60.0
margin_bottom = 44.0
size_flags_horizontal = 4

[node name="Connected" parent="MarginContainer/MarginContainer/VBoxContainer" instance=ExtResource( 2 )]
margin_left = 23.0
margin_top = 48.0
margin_right = 60.0
margin_bottom = 68.0
size_flags_horizontal = 4

[node name="FullCheck" type="TextureButton" parent="MarginContainer/MarginContainer/VBoxContainer"]
margin_left = 34.0
margin_top = 72.0
margin_right = 48.0
margin_bottom = 87.0
size_flags_horizontal = 4
texture_normal = ExtResource( 4 )
texture_pressed = ExtResource( 5 )
texture_disabled = ExtResource( 3 )

[node name="Annotations" type="Control" parent="MarginContainer/MarginContainer"]
margin_left = 2.0
margin_top = 2.0
margin_right = 85.0
margin_bottom = 139.0
mouse_filter = 2

[node name="RegionsParens" type="TextureRect" parent="MarginContainer/MarginContainer/Annotations"]
margin_left = 63.0
margin_top = 4.0
margin_right = 76.0
margin_bottom = 9.0
texture = ExtResource( 7 )
__meta__ = {
"_edit_use_anchors_": false
}

[node name="RegionsCell" parent="MarginContainer/MarginContainer/Annotations" instance=ExtResource( 8 )]
margin_left = 66.0
margin_top = 3.0
margin_right = 73.0
margin_bottom = 10.0

[node name="RegionsNumber" type="TextureRect" parent="MarginContainer/MarginContainer/Annotations"]
margin_left = 70.0
margin_top = 28.0
margin_right = 90.0
margin_bottom = 33.0
mouse_filter = 2
size_flags_horizontal = 4
size_flags_vertical = 4
texture = ExtResource( 6 )
__meta__ = {
"_edit_use_anchors_": false
}

[node name="RectanglesParens" type="TextureRect" parent="MarginContainer/MarginContainer/Annotations"]
margin_left = 63.0
margin_top = 45.0
margin_right = 76.0
margin_bottom = 50.0
mouse_filter = 2
texture = ExtResource( 7 )
__meta__ = {
"_edit_use_anchors_": false
}

[node name="RectanglesCell" parent="MarginContainer/MarginContainer/Annotations" instance=ExtResource( 8 )]
margin_left = 66.0
margin_top = 44.0
margin_right = 73.0
margin_bottom = 51.0
mouse_filter = 2

[node name="ConnectedParens" type="TextureRect" parent="MarginContainer/MarginContainer/Annotations"]
margin_left = 63.0
margin_top = 86.0
margin_right = 76.0
margin_bottom = 91.0
mouse_filter = 2
texture = ExtResource( 7 )
__meta__ = {
"_edit_use_anchors_": false
}

[node name="ConnectedCell" parent="MarginContainer/MarginContainer/Annotations" instance=ExtResource( 8 )]
margin_left = 66.0
margin_top = 85.0
margin_right = 73.0
margin_bottom = 92.0
mouse_filter = 2

[node name="ConnectedNumbers" type="TextureRect" parent="MarginContainer/MarginContainer/Annotations"]
margin_left = 49.0
margin_top = 92.0
margin_right = 90.0
margin_bottom = 115.0
texture = ExtResource( 9 )
__meta__ = {
"_edit_use_anchors_": false
}

[connection signal="pressed" from="MarginContainer/MarginContainer/VBoxContainer/Regions" to="." method="_on_Regions_pressed"]
[connection signal="pressed" from="MarginContainer/MarginContainer/VBoxContainer/Rectangles" to="." method="_on_Rectangles_pressed"]
[connection signal="pressed" from="MarginContainer/MarginContainer/VBoxContainer/Connected" to="." method="_on_Connected_pressed"]
[connection signal="pressed" from="MarginContainer/MarginContainer/VBoxContainer/FullCheck" to="." method="_on_FullCheck_pressed"]
